%Textbooks
%%%%%%%%%%%%%%%%%%%%%%%%%%%%%%%%%%%%%%%%%%%%%%%%%%%%%%%%%%
@book{Lamarsh,
  author    = {Lamarsh, John R. and Baratta, Anthony J.},
  title     = {Introduction to Nuclear Engineering},
  edition   = {third},
  publisher = {Pretice Hall},
  year      = {2001},
  address   = {Upper Sadle River, New Jersey}
}
@book{DH,
  author    = {Duderstadt, James J. and Hamilton, Louis J.},
  title     = {Nuclear Reactor Analysis},
  edition   = {first},
  publisher = {Wiley \& Sons},
  year      = {1976},
  address   = {New York, NY}
}
@book{Geankoplis,
  author    = {Geankoplis, Christie J.},
  title     = {Transport Processes and Unit Operations},
  edition   = {third},
  publisher = {Pretice Hall},
  year      = {1993},
  address   = {Englewood Cliffs, New Jersey}
}
@book{Benedict,
  author    = {Benedict, Manson and Pigford, Thomas H. and Levi, Hans Wolfgang},
  title     = {Nuclear Chemical Engineering},
  edition   = {second},
  publisher = {McGraw-Hill},
  year      = {1981},
  address   = {USA}
}
@book{Charit,
  author    = {Murty, K. Linga and Charit, Indrajit},
  title     = {An Introduction to Nuclear Materials: Fundamentals and Applications},
  edition   = {},
  publisher = {Wiley-VCH},
  year      = {2013},
  address   = {Raliegh, NC}
}
@book{TodreasKazimi1,
  author    = {Todreas, Neil E. and Kazimi, Mujid S.},
  title     = {Nuclear Systems Volume I: Thermal Hydraulic Fundamentals},
  edition   = {},
  publisher = {Taylor and Francis},
  year      = {1990},
  address   = {USA}
}
@book{TodreasKazimi2,
  author    = {Todreas, Neil E. and Kazimi, Mujid S.},
  title     = {Nuclear Systems Volume II: Elements of Thermal Hydraulic Design},
  chapter   = {3: Flow Loops, section III: Steady-State, Single-Phase, Natural Circulation},
  edition   = {},
  publisher = {Taylor and Francis},
  year      = {2001},
  address   = {USA}
}
@book{Bequette,
  author    = {Bequette, B. Wayne},
  title     = {Process Control: Modeling Design and Simulation},
  edition   = {},
  publisher = {Pretice Hall},
  year      = {2003},
  address   = {Upper Sadle River, New Jersey}
}
@book{Kerlin,
  author    = {Kerlin, Thomas W. and Upadhyaya, Belle R.},
  title     = {Dynamics and Control of Nuclear Reactors},
  edition   = {},
  publisher = {Elsevier Inc.},
  year      = {2019},
  address   = {Knoxville, Tennessee}
}
@book{Janna,
  author    = {Janna, William S.},
  title     = {Design of Fluid Thermal Systems},
  edition   = {fourth},
  publisher = {Cengage Learning},
  year      = {2015},
  address   = {Stamford, Connecticut}
}
@book{Handbook,
  author    = {Kok, Kenneth D.},
  title     = {Nuclear Engineering Handbook},
  edition   = {first},
  publisher = {Taylor \& Francis Group},
  year      = {2009},
  address   = {Boca Raton, Florida}
}
@book{Faw,
  author    = {Shultis, J. Kenneth and Faw, Richard E.},
  title     = {Fundamentals of Nuclear science and Engineering},
  edition   = {first},
  publisher = {Marcel Dekker Inc.},
  year      = {2002},
  address   = {New York City, New York},
  institution = {Kansas State University}
}
Theses
%%%%%%%%%%%%%%%%%%%%%%%%%%%%%%%%%%%%%%%%%%%%%%%%%%%%%%%%
@phdthesis{CarterPHD,
  author = {Carter, John P. },
  title  = {Multi-Physics Investigation of a Natural
            Circulation Molten Salt Micro-Reactor that
            Utilizes an Experimental In-pile Device to
            Improve Core Physics and System
            Thermal-Hydraulic Performance},
  school = {Univesity of Idaho},
  year   = {2022}
}
=======
	author = {Carter, John P. },
	title = {Multi-Physics Investigation of a Natural
             Circulation Molten Salt Micro-Reactor that
             Utilizes an Experimental In-pile Device to
             Improve Core Physics and System
             Thermal-Hydraulic Performance},
	school = {Univesity of Idaho},
	year = {2022}
    }
@phdthesis{RoperPHD,
	author = {Roper, Robin},
	title = {The Effect of Impurities and Geometry on the Corrosion and Thermodynamic Behavior of Molten Salts},
	school = {Univesity of Idaho},
	year = {2022}
    }
@phdthesis{ValluriPHD,
	author = {Valluri, Sriram Kumar},
	title = {Carbon Capture and Utilization},
	school = {Michigan Technological University},
	year = {2021}
    }
>>>>>>> 53c0c9b58ec274c7452eb1380832198d8d4bdade
@mastersthesis{PetersonMS,
  author = {John Peterson},
  title  = {An Analysis of the Nuclear Characteristics
            of a Molten Salt Microreactor},
  school = {University of Idaho},
  year   = 2019,
  month  = 8
}

%Reports
%%%%%%%%%%%%%%%%%%%%%%%%%%%%%%%%%%%%%%%%%%%%%%%%%%%%%%%%%%%%%%%%%%%%%%%%
@techreport{Simpson,
	author      = {Simpson, Michael F.},
	title       = {Development of Spent Nuclear Fuel Pyroprocessing Technology at \acf{inl}},
	institution = {\acf{inl}},
	year        = {2012}
    }
    @techreport{HolcombQualification,
	author      = {Holcomb, David E. and Poore III, W.P. and Flanagan, G.F.},
	title       = {MSR Fuel Salt Qualification Methodology},
	institution = {Oak Ridge National Laboratory},
	year        = {2020}
    }
@techreport{HolcombPIRT,
  author      = {Holcomb, David E. and Huning, Alexander J. and Muhlheim, Michael D. and Denning, Richard S. and Flanagan, George F.},
  title       = {Molten Salt Reactor Fundamental Safety Function PIRT},
  institution = {Oak Ridge National Laboratory},
  year        = {2020}
}
    @techreport{HolcombQualification,
  author      = {Holcomb, David E. and Poore III, W.P. and Flanagan, G.F.},
  title       = {MSR Fuel Salt Qualification Methodology},
  institution = {Oak Ridge National Laboratory},
  year        = {2020}
}
@techreport{micro,
  title       = {The U.S. DOE Microreactor Program},
  subtitle    = {Performing Research and Development
                 to Enable Microreactor Development,
                 Deployment, and Commercialization},
  institution = {U.S. Department of Energy},
  author      = {{DOE}},
  year        = {2021}
}
=======
	title       = {The U.S. DOE Microreactor Program},
	subtitle    = {Performing Research and Development
                   to Enable Microreactor Development,
                   Deployment, and Commercialization},
	institution = {U.S. Department of Energy},
    author = {{DOE}},
    year = {2021}
    }
@techreport{NREL-partner,
	title       = {Technology Partnerships},
	subtitle    = {Fiscal Year 2021},
	institution = {{\acf{nrel}}},
    author = {{\acs{nrel}}},
    year = {2021}
    }
@techreport{DoD-remote,
	title       = {Roadmap for the Deployment of Micro-Reactors for U.S. Department of Defense Domestic Installations},
	institution = {{Nuclear Energy Institute}},
    author = {{Nuclear Energy Institute}},
    year = {2018}
    }
@unpublished{AirForce,
  author = {{Secretary of the Air Force, Public Affairs}},
  note   = {Energy Installations and Environment},
  title  = {Request for propasal released for Eielson Air Force Base Micro-Reactor Pilot Program},
  year   = {2022}
}
>>>>>>> 53c0c9b58ec274c7452eb1380832198d8d4bdade
@article{SaltDB,
  author  = {Manohar, S. Sohal, et. al.},
  title   = {Engineering Database of Liquid Salt
             Thermophysical and Thermochemical Properties},
  journal = {INL/EXT-10-18297},
  date    = {June, 2013},
  year    = {2013}
}
=======
    journal = {INL/EXT-10-18297},
    date = {June, 2013},
    year = {2013}
    }

@unpublished{DowXe,
    author = {{\acl{ans}}},
    title = {X-energy, DOW to collaborate on \acs{smr} deployment},
    publisher = {{\acf{ans}}},
    date = {August, 2022},
    year = {2022},
    note = {Joint Announcement between DOW and X-energy}
    }
>>>>>>> 53c0c9b58ec274c7452eb1380832198d8d4bdade
@techreport{SMRs,
  author      = {Lokhov, Alexey and Sozoniuk, Vladislav},
  title       = {Small Modular Reactors:
                 Nuclear Energy Market Potential
                 for Near-term Deployment},
  institution = {Nuclear Energy Agency},
  year        = {2016}
}


@techreport{MSRE,
title = {MSRE DESIGN AND OPERATIONS REPORT. PART III. NUCLEAR ANALYSIS},
author = {Haubenreich, P N and Engel, J R and Prince, B E and Claiborne, H C},
doi = {10.2172/4114686},
url = {https://www.osti.gov/biblio/4114686},
place = {United States},
year = {1964},
month = {2},
institution = {\acl{oak}}
}


@unpublished{china,
title = {Chinese molten-salt reactor cleared for start up},
author = {{World Nuclear News}},
url = {https://www.world-nuclear-news.org/articles/chinese-molten-salt-reactor-cleared-for-start-up},
year = {2022},
note = {{World Nuclear News}}
}

%Journals
%%%%%%%%%%%%%%%%%%%%%%%%%%%%%%%%%%%%%%%%%%%%%%%%%%%%%%%%%%%%%%%%%%%%%%%%
@article{HolcombOffgas,
  title    = {Review of molten salt reactor off-gas management considerations},
  journal  = {Nuclear Engineering and Design},
  volume   = {385},
  pages    = {111529},
  year     = {2021},
  issn     = {0029-5493},
  doi      = {https://doi.org/10.1016/j.nucengdes.2021.111529},
  url      = {https://www.sciencedirect.com/science/article/pii/S0029549321004817},
  author   = {Hunter B. Andrews and Joanna McFarlane and A. Shay Chapel and N. Dianne Bull Ezell and David E. Holcomb and Dane {de Wet} and Michael S. Greenwood and Kristian G. Myhre and Samuel A. Bryan and Amanda Lines and Brian J. Riley and Heather M. Felmy and Paul W. Humrickhouse},
  keywords = {Molten salt reactor (MSR), Off-gas, Cover gas, Radionuclide capture, Source term reduction}
}
@article{ORNL-masstransport,
  author    = {F.N. Peebles},
  title     = {Removal of Xenon-135 From Circulating Fuel Salt
               of the MSBR By Mass Transfer to Helium Bubbles},
  journal   = {U.S. Atomic Energy Commission},
  year      = {1968},
  publisher = {Oak Ridge National Laboratory}
}

@article{ORNL-offgas,
  author    = {Robertson, Roy C. et. al.},
  title     = {Conceptual Design Study of a Single Fluid
               Molten Salt Breeder Reactor},
  journal   = {U.S. Atomic Energy Commission},
  year      = {1971},
  publisher = {Oak Ridge National Laboratory}
}

@article{ORNL-xenonbehavior,
  author    = {Engel, J.R and Steffy, R.C.},
  title     = {Xenon Behavior in the Molten Salt
               Reactor Experiment},
  journal   = {U.S. Atomic Energy Commission},
  year      = {1971},
  publisher = {Oak Ridge National Laboratory}
}
@article{ORNL-BoronHastelloy,
  author    = {Koger, J.W. and Litman, A.P.},
  title     = {Compatablilty of Fused Sodium Fluoroborates and BF3 Gas with Hastelloy N Alloys},
  journal   = {U.S. Atomic Energy Commission},
  year      = {1970},
  publisher = {Oak Ridge National Laboratory}
}
@article{ORNL-solubility,
  author    = {Blander, M and Grimes, W.R.
               and Smith, N.V. and Watson, G.M.},
  title     = {Solubility of Nobel Gasses in
               Molten Fluorides II. In the
               LiF-NaF-KF Eutectic Mixture},
  journal   = {Physical Chemistry},
  year      = {1958},
  publisher = {Oak Ridge National Laboratory}
}
@ARTICLE{Roberson,
  author={Al Rashdan, Ahmad and Roberson, Dakota},
  journal={IEEE Transactions on Nuclear Science},
  title={A Frequency Domain Control Perspective on Xenon Resistance for Load Following of Thermal Nuclear Reactors},
  year={2019},
  volume={66},
  number={9},
  pages={2034-2041},
  doi={10.1109/TNS.2019.2934171}
  }
@article{DecayHeat,
title = {A passive decay heat removal system for emergency draining tanks of molten salt reactors},
journal = {Nuclear Engineering and Design},
volume = {341},
pages = {423-431},
year = {2019},
issn = {0029-5493},
doi = {https://doi.org/10.1016/j.nucengdes.2018.11.021},
url = {https://www.sciencedirect.com/science/article/pii/S0029549318309567},
author = {Shisheng Wang and Mattia Massone and Andrei Rineiski and E. Merle-Lucotte and A. Laureau and D. Gérardin and D. Heuer and M. Allibert}
}
@article{XeMSR,
  author  = {Price, Terry J. and Chvala, Ondrej
             and Taylor, Zack},
  title   = {Xenon in molten salt reactors:
             The effects of solubility, circulating
             particulate, ionization, and the sensitivity
             of the circulating void fraction},
  journal = {Nuclear Engineering and Technology},
  date    = {December, 2019},
  year    = {2019}
}

@article{reviewXeMSR,
  author  = {Price, Terry J. and Chvala, Ondrej
             and Taylor, Zack},
  title   = {Molten Salt Reactor Xenon Analysis:
             Review and Decomposition},
  journal = {Nuclear Engineering and Radiation Science},
  year    = {2019}
}
@article{CarterNumerical,
  author  = {Carter, John P. and Christensen, Richard
             and Yoon, Sujong},
  title   = {Numerical Analysis of Dynamic Load
             Following Response in a Natural Circulation
             Molten Salt Power Reactor System},
  school  = {Univesity of Idaho},
  year    = {2022},
  address = {Idaho Falls, Idaho},
  journal = {Nuclear Engineering and Design}
}
@article{CarterMCNP,
  author  = {Carter, J. and Borrelli, R.A.},
  title   = {Integral Molen Salt Reactor Neutron Physics Study using Monte Carlo N-particle code},
  journal = {Nuclear Engineering and Design},
  volume  = {365},
  year    = {2020}
}
@article{Bateman,
  author  = {Ding, Zechaun},
  title   = {Solving Bateman Equation for Xenon Transient Analysis Using Numerical Methods},
  journal = {Nuclear Engineering and Technology},
  date    = {December, 2019},
  year    = {2019}
}
@article{Offgas,
  title   = {Review of molten salt reactor
             off-gas management considerations},
  author  = {Andrews, Hunter B. and McFarlane, Joanna
             and Chapel, A. Shay and Ezell, N. Dianne Bull
             and Holcomb, David Eugene and de Wet, Dane
             and Greenwood, Michael S. and Myhre, Kristian G.
             and Bryan, Samuel A. and Lines, Amanda
             and Riley, Brian J. and Felmy, Heather M.
             and Humrickhouse, Paul W.},
  doi     = {10.1016/j.nucengdes.2021.111529},
  journal = {Nuclear Engineering and Design},
  volume  = 385,
  place   = {United States},
  year    = {2021},
  month   = {10}
}
@article{FreezePlug,
  title   = {Preliminary investigation on the melting behavior
             of a freeze-valve for the Molten Salt Fast Reactor},
  journal = {Annals of Nuclear Energy},
  volume  = {132},
  pages   = {544-554},
  year    = {2019},
  issn    = {0306-4549},
  doi     = {https://doi.org/10.1016/j.anucene.2019.06.039},
  url     = {https://www.sciencedirect.com/science/article/pii/S0306454919303573},
  author  = {Marco Tiberga and Devaja Shafer and Danny Lathouwers
             and Martin Rohde and Jan Leen Kloosterman}
}
@article{RoperReview,
  title    = {Molten salt for advanced energy applications: A review},
  journal  = {Annals of Nuclear Energy},
  volume   = {169},
  pages    = {108924},
  year     = {2022},
  issn     = {0306-4549},
  doi      = {https://doi.org/10.1016/j.anucene.2021.108924},
  url      = {https://www.sciencedirect.com/science/article/pii/S030645492100801X},
  author   = {Robin Roper and Megan Harkema and Piyush Sabharwall and Catherine Riddle and Brandon Chisholm and Brandon Day and Paul Marotta},
  keywords = {Molten-salt, Energy, Power, Production, Chemistry, Challenges}
}
@article{BF3,
  author    = {J. H. Shaffer and W. R. Grimes and G. M. Watson},
  title     = {Boron Trifluoride as a Soluble Poison in
               Molten Salt Reactor Fuels},
  journal   = {Nuclear Science and Engineering},
  volume    = {12},
  number    = {3},
  pages     = {337-340},
  year      = {1962},
}
@article{Thawing,
author = {Bohlander, Thomas W.},
title = {Electrical Method for Thawing Frozen Pipes},
journal = {Journal AWWA},
volume = {55},
number = {5},
pages = {602-608},
keywords = {Pipes, Equipment, Freezing, Cold Weather Operations},
doi = {https://doi.org/10.1002/j.1551-8833.1963.tb01056.x},
url = {https://awwa.onlinelibrary.wiley.com/doi/abs/10.1002/j.1551-8833.1963.tb01056.x},
eprint = {https://awwa.onlinelibrary.wiley.com/doi/pdf/10.1002/j.1551-8833.1963.tb01056.x},
year = {1963}
}

%Conferences
%%%%%%%%%%%%%%%%%%%%%%%%%%%%%%%%%%%%%%%%%%%%%%%%%%%%%%%%%%%%
@unpublished{Root,
  title    = {Feedback Control of Molten Salt Nuclear Battery},
  subtitle = {Proof of Concept Model},
  author   = {Root, Sam J. and Christensen, Richard},
  year     = {2022},
  note     = {{ANS} Student Conference},
  url      = {https://www.ans.org/meetings/student2022/session/view-1083/}
}

@unpublished{RoperOverview,
  title  = {Chemical Overview of Molten Salts},
  author = {Roper, Robin V. and Sabharwall, Piyush and Christensen, Richard},
  year   = {2019},
  note   = {{ANS} Annual Meeting},
  url    = {https://www.ans.org/pubs/transactions/article-45524/}
}

@unpublished{RoperRedox,
  title  = {Redox Potential Control for the Molten Salt Reactor Concept},
  author = {Roper, Robin V. and Christensen, Richard},
  year   = {2019},
  note   = {{ANS} Winter Meeting},
  url    = {https://www.ans.org/pubs/transactions/article-47571/}
}
@unpublished{MSRSafeguard,
  title  = {Safeguard Challenges for Molten Salt Reactors},
  author = {Kovacic, Donald N. and Worrall, Louise G. and Worrall, Andrew, and Flanagan, George F. and Holcomb, David E. and Bari, Robert and Cheng, Lap and Farley, David and Sternat, Matther},
  year   = {2018},
  note   = {INMM Annual Meeting},
  url    = {https://www.osti.gov/servlets/purl/1474868#:~:text=The%20application%20of%20safeguards%20to,concentrations%20in%20the%20fuel%20salt%2C}
}